@book{hecht2017,
  author    = {Eugene Hecht},
  title     = {Optics},
  edition   = {5th},
  publisher = {Pearson},
  year      = {2017}
}

@book{greivenkamp2004,
  author    = {John E. Greivenkamp},
  title     = {Field Guide to Geometrical Optics},
  publisher = {SPIE Press},
  year      = {2004}
}

@misc{hamamatsu,
  author       = {{Hamamatsu Photonics K.K.}},
  title        = {Xenon Flash Lamps},
  howpublished = {\url{https://www.hamamatsu.com/us/en/product/light-and-radiation-sources/lamp/xe-f/60w/L7685.html}},
  note         = {Accessed 2025}
}

@misc{accuglass,
  author       = {{AccuGlass Products, Inc.}},
  title        = {{UV} Optical Fibers},
  howpublished = {\url{https://www.accuglassproducts.com/sites/default/files/catalog/fiber_optic_feedthroughs.pdf}},
  note         = {Accessed 2025}
}

@article{malitson1965,
  author  = {I. H. Malitson},
  title   = {Interspecimen comparison of the refractive index of fused silica},
  journal = {Journal of the Optical Society of America},
  volume  = {55},
  number  = {10},
  pages   = {1205--1209},
  year    = {1965},
  doi     = {10.1364/JOSA.55.001205}
}

@article{minschwaner1992,
  author  = {K. Minschwaner and G. P. Anderson and L. A. Hall and K. Yoshino},
  title   = {Absorption of solar radiation by {O}$_2$: {I}mplications for {O}$_3$ and lifetimes of {N}$_2${O}, {CFCl}$_3$, and {CF}$_2${Cl}$_2$},
  journal = {Journal of Geophysical Research},
  volume  = {97},
  number  = {D10},
  pages   = {10103--10108},
  year    = {1992},
  doi     = {10.1029/92JD00497}
}

@misc{thorlabs,
  author       = {{Thorlabs, Inc.}},
  title        = {{VUV} Fused Silica Plano-Convex Lenses},
  howpublished = {\url{https://www.thorlabs.com/newgrouppage9.cfm?objectgroup_id=123#}},
  note         = {Accessed 2025}
}

@misc{edmundoptics,
  author       = {{Edmund Optics, Inc.}},
  title        = {{VUV} Fused Silica Plano-Convex ({PCX}) Lenses},
  howpublished = {\url{https://www.edmundoptics.com/f/uv-fused-silica-plano-convex-pcx-lenses/12410/}},
  note         = {Accessed 2025}
}

@book{glassner1989,
  editor    = {Andrew S. Glassner},
  title     = {An Introduction to Ray Tracing},
  publisher = {Academic Press},
  year      = {1989}
}

@article{powell1964,
  author  = {M. J. D. Powell},
  title   = {An efficient method for finding the minimum of a function of several variables without calculating derivatives},
  journal = {Computer Journal},
  volume  = {7},
  number  = {2},
  pages   = {155--162},
  year    = {1964},
  doi     = {10.1093/comjnl/7.2.155}
}

@article{scipy,
  author  = {Pauli Virtanen and Ralf Gommers and Travis E. Oliphant and Matt Haberland and Tyler Reddy and David Cournapeau and Evgeni Burovski and Pearu Peterson and Warren Weckesser and Jonathan Bright and St{\'e}fan J. {van der Walt} and Matthew Brett and Joshua Wilson and K. Jarrod Millman and Nikolay Mayorov and Andrew R. J. Nelson and Eric Jones and Robert Kern and Eric Larson and C. J. Carey and {\.I}lhan Polat and Yu Feng and Eric W. Moore and Jake VanderPlas and Denis Laxalde and Josef Perktold and Robert Cimrman and Ian Henriksen and E. A. Quintero and Charles R. Harris and Anne M. Archibald and Ant{\^o}nio H. Ribeiro and Fabian Pedregosa and Paul {van Mulbregt} and {SciPy 1.0 Contributors}},
  title   = {{SciPy} 1.0: fundamental algorithms for scientific computing in {Python}},
  journal = {Nature Methods},
  volume  = {17},
  pages   = {261--272},
  year    = {2020},
  doi     = {10.1038/s41592-019-0686-2}
}

@article{nelder1965,
  author  = {J. A. Nelder and R. Mead},
  title   = {A simplex method for function minimization},
  journal = {Computer Journal},
  volume  = {7},
  number  = {4},
  pages   = {308--313},
  year    = {1965},
  doi     = {10.1093/comjnl/7.4.308}
}

@article{storn1997,
  author  = {Rainer Storn and Kenneth Price},
  title   = {Differential evolution---a simple and efficient heuristic for global optimization over continuous spaces},
  journal = {Journal of Global Optimization},
  volume  = {11},
  number  = {4},
  pages   = {341--359},
  year    = {1997},
  doi     = {10.1023/A:1008202821328}
}

@article{xiang2000,
  author  = {Y. Xiang and X. G. Gong},
  title   = {Efficiency of generalized simulated annealing},
  journal = {Physical Review E},
  volume  = {62},
  pages   = {4473},
  year    = {2000},
  doi     = {10.1103/PhysRevE.62.4473}
}

@article{xiang2013,
  author  = {Yang Xiang and Sylvain Gubian and Brian Suomela and Julia Hoeng},
  title   = {Generalized simulated annealing for global optimization: the {GenSA} package},
  journal = {The R Journal},
  volume  = {5},
  number  = {1},
  pages   = {13--28},
  year    = {2013},
  doi     = {10.32614/RJ-2013-002}
}

@incollection{mockus1978,
  author    = {J. Mockus and V. Tiesis and A. Zilinskas},
  title     = {The application of {Bayesian} methods for seeking the extremum},
  booktitle = {Towards Global Optimization},
  editor    = {L. C. W. Dixon and G. P. Szego},
  volume    = {2},
  pages     = {117--129},
  publisher = {North Holland},
  year      = {1978}
}

@article{jones1998,
  author  = {Donald R. Jones and Matthias Schonlau and William J. Welch},
  title   = {Efficient global optimization of expensive black-box functions},
  journal = {Journal of Global Optimization},
  volume  = {13},
  number  = {4},
  pages   = {455--492},
  year    = {1998},
  doi     = {10.1023/A:1008306431147}
}

@misc{skopt,
  author       = {Tim Head and MechCoder and Gilles Louppe and Iaroslav Shcherbatyi and fcharras and Zé Vinícius and cmmalone and Christopher Schröder and nel215 and Nuno Campos and Todd Young and Stefano Cereda and Thomas Fan and rene-rex and Kejia (KJ) Shi and Justus Schwabedal and carlosdanielcsantos and Hvass-Labs and Mikhail Pak and SoManyUsernamesTaken and Fred Callaway and Loïc Estève and Lilian Besson and Mehdi Cherti and Karlson Pfannschmidt and Fabian Linzberger and Christophe Cauet and Anna Gut and Andreas Mueller and Alexander Fabisch},
  title        = {scikit-optimize},
  howpublished = {\url{https://scikit-optimize.github.io}},
  note         = {Accessed 2025}
}
